<?xml version="1.0" encoding="UTF-8"?><record xmlns="http://www.loc.gov/MARC21/slim" xmlns:cinclude="http://apache.org/cocoon/include/1.0" xmlns:zs="http://www.loc.gov/zing/srw/">
  <leader>00429nz  a2200133n  4500</leader>
  <controlfield tag="001">no2008017817</controlfield>
  <controlfield tag="003">DLC</controlfield>
  <controlfield tag="005">20080206075416.0</controlfield>
  <controlfield tag="008">080108n| acannaabn          |n ana     c</controlfield>
  <datafield tag="010" ind1=" " ind2=" ">
    <subfield code="a">no2008017817</subfield>
  </datafield>
  <datafield tag="035" ind1=" " ind2=" ">
    <subfield code="a">(OCoLC)oca07648193</subfield>
  </datafield>
  <datafield tag="040" ind1=" " ind2=" ">
    <subfield code="a">CU-A</subfield>
    <subfield code="b">eng</subfield>
    <subfield code="c">CU-A</subfield>
  </datafield>
  <datafield tag="110" ind1="2" ind2=" ">
    <subfield code="a">ESC Energy Corporation</subfield>
  </datafield>
  <datafield tag="670" ind1=" " ind2=" ">
    <subfield code="a">Cogeneration feasibility study at the Paul Masson Vineyards Winery in Saratoga, California, 1980:</subfield>
    <subfield code="b">t.p. (ESC Energy Corporation)</subfield>
  </datafield>
</record>